@article{pinski2002,
  title={Interference in implanted cardiac devices, part II},
  author={Pinski, Sergio L and Trohman, Richard G},
  journal={Pacing and clinical electrophysiology},
  volume={13},
  number={10},
  pages={1496--1509},
  year={2002},
  publisher={Blackwell Futura Publishing, Inc. Oxford, UK}
}

@misc{mathworksObject,
	author = {MathWorks},
	title = {Object Tracking Using Time Difference of Arrival (TDOA)},
	howpublished = {Available at \url{https://www.mathworks.com/help/fusion/ug/object-tracking-using-time-difference-of-arrival.html} (2023/09/19)}
}

@article{difrancesco1993,
	title={Pacemaker {M}echanisms in {C}ardiac {T}issue},
	author={DiFrancesco, Dario},
	journal={Annual {R}eview of {P}hysiology},
	volume={55},
	number={1},
	pages={455--472},
	year={1993},
	publisher={Annual Reviews 4139 El Camino Way, PO Box 10139, Palo Alto, CA 94303-0139, USA}
}

@article{martin2004,
	title={Magnetic {R}esonance {I}maging and {C}ardiac {P}acemaker {S}afety at 1.5-{T}esla},
	author={Martin, {E}dward {T} and {C}oman, {J}ames {A} and {S}hellock, {F}rank {G} and {P}ulling, {C}hristopher {C} and {F}air, {R}obert and {J}enkins, {K}im},
	journal={Journal of the American College of Cardiology},
	volume={43},
	number={7},
	pages={1315--1324},
	year={2004},
	publisher={American {C}ollege of {C}ardiology {F}oundation {W}ashington, {DC}}
}

@article{burkhard2017,
	title={On the {E}volution of the {C}ardiac {P}acemaker},
	author={Burkhard, {S}ilja and {V}an {E}if, {V}incent and {G}arric, {L}aurence and {C}hristoffels, {V}incent {M} and {B}akkers, {J}eroen},
	journal={Journal of cardiovascular development and disease},
	volume={4},
	number={2},
	pages={4},
	year={2017},
	publisher={Multidisciplinary {D}igital {P}ublishing {I}nstitute}
}

@article{baruscotti2010,
	title={The {C}ardiac {P}acemaker {C}urrent},
	author={Baruscotti, {M}irko and {B}arbuti, {A}ndrea and {B}ucchi, {A}nnalisa},
	journal={Journal of molecular and cellular cardiology},
	volume={48},
	number={1},
	pages={55--64},
	year={2010},
	publisher={Elsevier}
}

@article{udo2013long,
	title={Long {T}erm {Q}uality-of-{L}ife in {P}atients with {B}radycardia {P}acemaker {I}mplantation},
	author={Udo et. al, Erik O},
	journal={International {J}ournal of {C}ardiology},
	volume={168},
	number={3},
	pages={2159--2163},
	year={2013},
	publisher={Elsevier}
}

@article{mallela2004,
	title={{T}rends in {C}ardiac {P}acemaker {B}atteries},
	author={Mallela, {V}enkateswara {S}arma and {I}lankumaran, {V} and {R}ao, {N} {S}rinivasa},
	journal={Indian {P}acing and {E}lectrophysiology {J}ournal},
	volume={4},
	number={4},
	pages={201},
	year={2004},
	publisher={Elsevier}
}

@inproceedings{hasan2019,
	title={In {B}ody {A}ntenna for {M}onitoring {P}acemaker},
	author={Hasan, Raja Rashidul and Rahman, Md Abdur and Sinha, Sourav and Uddin, Md Nizam and Niloy, Ta-Seen Reaz},
	booktitle={2019 {I}nternational {C}onference on {A}utomation, {C}omputational and {T}echnology {M}anagement (ICACTM)},
	pages={99--102},
	year={2019},
	organization={IEEE}
}

@book{welsch1993,
	title={Materials {P}roperties {H}andbook: {T}itanium {A}lloys},
	author={Welsch, Gerhard and Boyer, Rodney and Collings, EW},
	year={1993},
	publisher={ASM {I}nternational}
}

@journal{lutjering2000,
	title={Microstructure and {M}echanical {P}roperties of {T}itanium {A}lloys},
	author={L{\"u}tjering, G and Williams, JC and Gysler, A},
	journal={Microstructure and {P}roperties of {M}aterials},
	volume={2},
	pages={1--77},
	year={2000}
}

@report{schulz2017,
	title={Niobium and {T}antalum},
	author={Schulz, Klaus J and Piatak, Nadine M and Papp, John F},
	year={2017},
	institution={US {G}eological {S}urvey}
}

@article{haqqani2011,
	title={Engineering and {C}onstruction of {P}acemaker and {ICD} {L}eads},
	author={Haqqani, Haris M and Epstein, Laurence M and Cooper, Joshua M},
	year={2011},
	publisher={Elsevier {S}aunders}
}

@article{greatbatch1971,
	title={The {S}olid-{S}tate {L}ithium {B}attery: {A} {N}ew {I}mproved {C}hemical {P}ower {S}ource for {I}mplantable {C}ardiac {P}acemakers},
	author={Greatbatch, Wilson and Lee, John H and Mathias, Walter and Eldridge, Margery and Moser, James R and Schneider, Alan A},
	journal={IEEE {T}ransactions on {B}iomedical {E}ngineering},
	number={5},
	pages={317--324},
	year={1971},
	publisher={IEEE}
}

@article{takeuchi2002,
	title={Lithium {B}atteries for {B}iomedical {A}pplications},
	author={Takeuchi, Esther S and Leising, Randolph A},
	journal={MRS {B}ulletin},
	volume={27},
	number={8},
	pages={624--627},
	year={2002},
	publisher={Springer}
}

